@misc{WHO:2023,
  title  = {The Global Health Observatory Indicator Metadata Registry List: Dependency Ratio},
  author = {World Health Organization},
  year   = {2023},
  note   = {Retrieved 2023-10-25},
  url    = {https://www.who.int/data/gho/indicator-metadata-registry/imr-details/1119}
}

@misc{SCB:2023,
  author = {Statistiska centralbyrån},
  title  = {Folkmängden efter ålder och kön. År 1860 - 2022},
  year   = {2023},
  url    = {https://www.statistikdatabasen.scb.se/pxweb/sv/ssd/START__BE__BE0101__BE0101A/BefolkningR1860N/},
  note   = {Retrieved 2023-10-20}
}

@misc{Skiena:2024,
  author = {Skiena, Steven S},
  title  = {The Data Science Design Manual},
  year   = {2024},
  url    = {https://ebookcentral.proquest.com/lib/gu/detail.action?docID=6312797},
  note   = {Retrieved 2024-01-20}
}


@misc{Borji:2023,
  author = {Borji, Ali},
  title  = {A Categorical Archive of ChatGPT Failures},
  year   = {2023},
  url    = {https://arxiv.org/abs/2302.03494},
  note   = {Retrieved 2024-03-03}
}


@misc{SpamAssassin:2004,
  author = {Justin Mason},
  title  = {Spam Assassin public mail corpus},
  year   = {2004},
  url    = {https://spamassassin.apache.org/old/publiccorpus/},
  note   = {Retrieved 2023-11-10}
}

@misc{UNDP:2022,
  author = {{UNDP (United Nations Development Programme)}},
  year   = {2022},
  title  = {Human Development Report 2021/2022: Uncertain Times, Unsettled Lives: Shaping our Future in a Transforming World},
  url    = {https://hdr.undp.org/data-center/documentation-and-downloads},
  note   = {Retrieved 2023-11-24}
}

@misc{WPP:2022,
  author = {United Nations, Department of Economic and Social Affairs, Population Division},
  year   = {2022},
  title  = {World Population Prospects 2022, Online Edition},
  url    = {https://population.un.org/wpp/Download/Standard/CSV/},
  note   = {Retrieved 2023-11-24}
}

@misc{OWID:2017,
  author = {Esteban Ortiz-Ospina},
  title  = {``Life Expectancy'' -- What does this actually mean?},
  year   = {2017},
  url    = {https://ourworldindata.org/life-expectancy-how-is-it-calculated-and-how-should-it-be-interpreted},
  note   = {Retrieved 2023-11-24}
}

@misc{CharytanowiczNKKowalskiLukasik:2012,
  author       = {Charytanowicz, Magorzata and Niewczas, Jerzy and Kulczycki, Piotr and Kowalski, Piotr and Lukasik, Szymon},
  title        = {{seeds}},
  year         = {2012},
  howpublished = {UCI Machine Learning Repository},
  xnote        = {{DOI}: https://doi.org/10.24432/C5H30K},
  doi          = {https://doi.org/10.24432/C5H30K},
  url          = {https://archive.ics.uci.edu/dataset/236/seeds}
}

@misc{McInnesHM:2018,
  title         = {{UMAP}: Uniform Manifold Approximation and Projection for Dimension Reduction},
  author        = {Leland McInnes and John Healy and James Melville},
  year          = {2018},
  eprint        = {1802.03426},
  archiveprefix = {arXiv},
  primaryclass  = {stat.ML}
}

@misc{MNIST:1998,
  title  = {The {MNIST} database of handwritten digits},
  url    = {http://yann.lecun.com/exdb/mnist/},
  year   = {1998},
  author = {Yann LeCun and Corinna Cortes and Christopher J.C. Burges},
  note   = {Retrieved 2024-01-02}
}

@misc{Eurostat:2023,
  author = {Eurostat, Statistics Explained},
  title  = {Population projections in the EU},
  url    = {https://ec.europa.eu/eurostat/statistics-explained/index.php?oldid=497115},
  year   = {2023},
  note   = {Retrieved 2024-01-20}
}

@misc{UNDP:2023,
  author = {Human development reports},
  title  = {Human Development Index (HDI)},
  url    = {https://hdr.undp.org/data-center/human-development-index#/indicies/HDI},
  year   = {2023},
  note   = {Retrieved 2024-02-14}
}

@misc{TheGamer:2022,
  author = {Lu-Hai Liang},
  title  = {24 Percent Of Game Devs Are Female Despite Women Making Up Nearly Half Of Gamers},
  url    = {https://www.thegamer.com/game-devs-women-half-of-gamers},
  year   = {2022},
  note   = {Retrieved 2024-03-08}
}